@book{algroj,
  author  = {Kwiecień, Joanna}, 
  title   = {Algorytmy stadne w rozwiązywaniu wybranych zagadnień optymalizacji dyskretnej i kombinatorycznej},
  publisher = {Wydawnictwa AGH},
  series = {Rozprawy Monografie},
  year    = 2015,
  volume  = 315,
  ISBN = 9788374648370
}

# # # # # # # # # # # # # # # # # # # # # # # # # # # # # # # # # # # # # # # #

@book{algroj2,
  author  = {Baczyński, Dariusz}, 
  title   = {Metody inteligencji obliczeniowej w elektroenergetyce},
  publisher = {Oficyna Wydawnicza Politechniki Warszawskiej},
  series = {Prace naukowe - Elektryka},
  year    = 2013,
  volume  = 145,
  ISBN = 9788378141204
}

# # # # # # # # # # # # # # # # # # # # # # # # # # # # # # # # # # # # # # # #

@article{algroj3,
  author  = {Chmiel, W and Kadłuczka, P. and Packanik, G.}, 
  title   = {Zastosowanie algorytmów rojowych w rozwiązywaniu zagadnień permutacyjnych},
  journal = {Automatyka},
  year    = 2011,
  number  = 15,
  pages   = {117-126},
  volume  = 2
}

# # # # # # # # # # # # # # # # # # # # # # # # # # # # # # # # # # # # # # # #

@article{laserfr,
  author  = {BOULON, Georges}, 
  title   = {Génération d’impulsions lasers ultracourtes jusqu’à la femtoseconde},
  journal = {Électronique - Photonique | Optique Photonique},
  publisher = {Techniques de l'ingénieur},
  year    = 2017,
  month = {lipiec},
}

# # # # # # # # # # # # # # # # # # # # # # # # # # # # # # # # # # # # # # # #

@article{dbr1,
  author  = {Jasik, A and  Dems, M. and Wnuk, P. and Wasylczyk, P. and Wójcik-Jedlińska, A. and Regiński, K. and Zinkiewicz, Ł. and Hejduk, K.}, 
  title   = {Design and fabrication of highly dispersive semiconductor double-chirped mirrors},
  journal = {Applied Physics B Laser and Optics},
  publisher = {Springer},
  year    = 2013,
  month = {październik},
}

# # # # # # # # # # # # # # # # # # # # # # # # # # # # # # # # # # # # # # # #

@article{dbr2,
  Author = {Dems, M. and Wnuk, P. and
    Wasylczyk, P. and Zinkiewicz, Ł. and W{\'o}jcik-
    Jedli{\'{n}}ska, A. and Regi{\'{n}}ski, K. and Hejduk,
    K. and Jasik, A.},
  title   = {Optimization of broadband semiconductor chirped mirrors with genetic algorithm},
  journal = {Applied Physics B Laser and Optics},
  publisher = {Springer},
  year    = 2016,
  month = {październik},
  Number                   = {10},
  Pages                    = {266},
  Volume                   = {122},
}

# # # # # # # # # # # # # # # # # # # # # # # # # # # # # # # # # # # # # # # #

@article{dbr3,
  author  = {Matuschek, N.  and Kärtner, F. X.  and Keller, U.}, 
  title   = {Analytical Design of Double-Chirped Mirrors with Custom-Tailored Dispersion Characteristics},
  journal = {IEEE JOURNAL OF QUANTUM ELECTRONICS},
  year    = 1999,
  month = {luty},
  number = 2,
  volume = 35
}

# # # # # # # # # # # # # # # # # # # # # # # # # # # # # # # # # # # # # # # #

@article{dbr4,
  author  = {Biedrzycki, R. and Arabas, J. and Jasik, A. and Szymański, M. and Wnuk, P. and Wasylczyk, P. and Wójcik-Jedlińska, A}, 
  title   = {Application of Evolutionary Methods to Semiconductor Double-Chirped Mirrors Design},
  journal = {Parallel Problem Solving from Nature},
  year    = 2014,
  month = {wrzesień},
  pages = {761-770},
  publisher = {Springer}
}

# # # # # # # # # # # # # # # # # # # # # # # # # # # # # # # # # # # # # # # #

@article{lasers-keller,
  author  = {Keller, U.}, 
  title   = {Ultrafast solid-state laser oscillators: a success story for the last 20 years with no end in sight},
  journal = {Applied Physics B Laser and Optics},
  publisher = {Springer},
  year    = 2010,
  number = 100,
  month = {maj},
  pages = {15-28},
}

# # # # # # # # # # # # # # # # # # # # # # # # # # # # # # # # # # # # # # # #

@article{vecsel,
  author  = {Keller,  U. and Tropper, A. C.}, 
  title   = {Passively modelocked surface-emitting semiconductor lasers},
  journal = {Physics Reports},
  year    = 2006,
  volume = 429,
  pages = {67-120},
}

# # # # # # # # # # # # # # # # # # # # # # # # # # # # # # # # # # # # # # # #

@article{hist,
  author  = {Keller, U. }, 
  title   = {Recent developments in compact ultrafast lasers},
  journal = {NATURE},
  day = 14,
  month = {sierpień},
  year    = 2003,
  volume = 424,
  pages = {831-838},
}

# # # # # # # # # # # # # # # # # # # # # # # # # # # # # # # # # # # # # # # #

@Inbook{hist2,
    author="K{\"a}rtner, Franz X.
    and Ippen, Erich P.
    and Cundiff, Steven T.",
    title="Femtosecond Laser Development",
    bookTitle="Femtosecond Optical Frequency Comb: Principle, Operation, and Applications",
    year="2005",
    publisher="Springer US",
    address="Boston, MA",
    pages="54--77",
    isbn="978-0-387-23791-6",
}

# # # # # # # # # # # # # # # # # # # # # # # # # # # # # # # # # # # # # # # #

@misc{hist3,
    title="Opis i zastosowanie laserów femtosekundowych",
    howpublished="\url{http://www.mitr.p.lodz.pl/raman/femtosekundy.pdf}", 
    journal={LABORATORIUM LASEROWEJ SPEKTROSKOPII MOLEKULARNEJ - Spektroskopia Ramana i Spektroskopia Femtosekundowa},
    author={LABORATORIUM LASEROWEJ SPEKTROSKOPII MOLEKULARNEJ. Międzyresortowy Instytut Techniki Radiacyjnej. Politechnika Łódzka},
}

@article{quant,
  author  = {Comandar, L. C. and Lucamarini, M. and Fröhlich, B.  and  Dynes, J. F. and Sharpe, A. W. and Tam, S. W.-B. and Yuan, Z. L.  and  Penty, R. V. and  Shields, A. J. }, 
  title   = {Quantum key distribution without detector vulnerabilities using optically seeded lasers},
  journal = {Nature Photonics},
  year    = 2016,
  volume = 10,
  pages = {312-315},
}

